%---------------------Server

@misc{spring-questions,
  author = {Hai Nguyen},
  title = {Những câu hỏi phổ biến về Spring Framework},
  year = 2015,
  howpublished = "[Online] Available at: <\url{http://www.javadevchannel.com/2015/07/
  nhung-cau-hoi-pho-bien-ve-spring.html}>",
  note = "[Accessed 29 November 2016]"
}

@misc{spring-home-page,
  author = {Pivotal Software},
  title = {Spring Framework},
  year = 2016,
  howpublished = "[Online] Available at: <\url{https://projects.spring.io/
  spring-framework/}>",
  note = "[Accessed 29 November 2016]"
}

@misc{rest-controller,
  author = {Srivatsan Sundararajan},
  title = {Spring Framework: @RestController vs @Controller},
  year = 2015,
  howpublished = "[Online] Available at: <\url{https://www.genuitec.com/spring-frameworkrestcontroller-vs-controller/}>",
  note = "[Accessed 30 November 2016]"
}

@misc{orm,
  author = {Red Hat},
  title = {Hibernate ORM},
  year = 2016,
  howpublished = "[Online] Available at: <\url{http://hibernate.org/orm/}>",
  note = "[Accessed 30 November 2016]"
}

@misc{restful-basic,
  author = {Alex Rodriguez},
  title = {RESTful Web services: The basics},
  year = 2015,
  howpublished = "[Online] Available at: <\url{http://www.ibm.com/
  developerworks/library/ws-restful/}>",
  note = "[Accessed 30 November 2016]"
}

@misc{javafx-and-restful,
  author = {Gabriela Grosu},
  title = {JavaFX and RESTful Web Services communication},
  year = 2015,
  howpublished = "[Online] Available at: <\url{http://www.accesa.eu/
  2015/resources/javafx-and-restful-web-services-communication}>",
  note = "[Accessed 01 December 2016]"
}

@misc{smarthome-trend,
  author = {Kỳ Hà},
  title = {Giải pháp nhà thông minh},
  year = 2014,
  howpublished = "[Online] Available at: <\url{http://www.pcworld.com.vn/articles/
  cong-nghe/song-va-cong-nghe/2014/10/1236584/giai-phap-nha-thong-minh/}>",
  note = "[Accessed 11 December 2016]"
}

@misc{gartner,
  author = {Gartner},
  title = {Gartner Says Worldwide IoT Security Spending to Reach \$348 Million in 2016},
  year = 2016,
  howpublished = "[Online] Available at: <\url{http://www.gartner.com/newsroom/id/3291817}>",
  note = "[Accessed 12 December 2016]"
}

%---------------------Device controller module


@misc{pi-wiki,
  author = {Wikipedia},
  title = {Raspberry Pi},
  howpublished = "[Online] Available at: <\url{https://en.wikipedia.org/
  wiki/Raspberry_Pi}>",
  note = "[Accessed 27 November 2016]"
}

@book{pi-for-dummies,
  author    = {Sean McManus and Mike Cook}, 
  title     = {Raspberry Pi For Dummies},
  publisher = {John Wiley \& Sons, Inc.},
  year      = 2013
}

@misc{raspbian-front-page,
  author = {Raspbian team},
  title = {FrontPage - Raspbian},
  howpublished = "[Online] Available at: <\url{https://www.raspbian.org/
  FrontPage}>",
  note = "[Accessed 28 November 2016]"
}

@misc{raspberry-gpio,
  author = {Raspberry Pi Foundation},
  title = {GPIO: MODELS A+, B+, RASPBERRY PI 2 B AND RASPBERRY PI 3 B},
  howpublished = "[Online] Available at: <\url{https://www.raspberrypi.org/
  documentation/usage/gpio-plus-and-raspi2/}>",
  note = "[Accessed 26 November 2016]"
}

%---------------------Mobile app
@misc{smarthome-martket,
  author = {International Data Corporation},
  title = {Smartphone OS Market Share, 2016 Q2},
  howpublished = "[Online] Available at: <\url{http://www.idc.com/prodserv/smartphone-os-market-share.jsp}>",
  year = 2016,
  note = "[Accessed 29 November 2016]"
}

@misc{cordova,
  author = {Apache Software Foundation},
  title = {Cordova guide},
  howpublished = "[Online] Available at: <\url{https://cordova.apache.org/docs/en/latest/guide/overview/index.html}>",
  year = 2015,
  note = "[Accessed 30 November 2016]"
}

@misc{hybrid-vs-native,
  author = {Robbie Abed},
  title = {Hybrid vs Native Mobile Apps – The Answer is Clear},
  howpublished = "[Online] Available at: <\url{https://www.ymedialabs.com/hybrid-vs-native-mobile-apps-the-answer-is-clear/}>",
  year = 2016,
  note = "[Accessed 01 December 2016]"
}

@misc{hybrid-vs-native-vn,
  author = {DVMS Innovation},
  title = {Phân biệt ứng dụng gốc và ứng dụng web},
  howpublished = "[Online] Available at: <\url{http://dvms.vn/tin-tuc/tin-nganh/114-phan-biet-ung-dung-goc-native-application-va-ung-dung-web-web-application.html}>",
  year = 2011,
  note = "[Accessed 30 November 2016]"
}